@misc{geeksforgeeks_kmp,
    title={KMP algorithm for pattern searching}, url={https://www.geeksforgeeks.org/kmp-algorithm-for-pattern-searching/}, journal={GeeksforGeeks}, 
    year={2019}, 
    month={May}
}

@misc{wikipedia_2020, 
    title={Knuth–Morris–Pratt algorithm}, url={https://en.wikipedia.org/wiki/Knuth–Morris–Pratt_algorithm}, journal={Wikipedia}, 
    publisher={Wikimedia Foundation}, 
    year={2020}, 
    month={Aug}
}

@misc{geeksforgeeks_bf, 
    title={Naive algorithm for pattern searching}, url={https://www.geeksforgeeks.org/naive-algorithm-for-pattern-searching/}, journal={GeeksforGeeks}, 
    year={2019}, 
    month={Aug}
}
